@article{mossong2008social,
  title={Social contacts and mixing patterns relevant to the spread of infectious diseases},
  author={Mossong, Jo{\"e}l and Hens, Niel and Jit, Mark and Beutels, Philippe and Auranen, Kari and Mikolajczyk, Rafael and Massari, Marco and Salmaso, Stefania and Tomba, Gianpaolo Scalia and Wallinga, Jacco and others},
  journal={PLoS medicine},
  volume={5},
  number={3},
  year={2008},
  publisher={Public Library of Science}
}

@article{lai2020severe,
	title={Severe acute respiratory syndrome coronavirus 2 {(SARS-CoV-2)} and corona virus disease-2019 {(COVID-19)}: the epidemic and the challenges},
	author={Lai, Chih-Cheng and Shih, Tzu-Ping and Ko, Wen-Chien and Tang, Hung-Jen and Hsueh, Po-Ren},
	journal={International journal of antimicrobial agents},
	pages={105924},
	year={2020},
	publisher={Elsevier}
}

@article{guan2020clinical,
	title={Clinical characteristics of coronavirus disease 2019 in {China}},
	author={Guan, Wei-jie and Ni, Zheng-yi and Hu, Yu and Liang, Wen-hua and Ou, Chun-quan and He, Jian-xing and Liu, Lei and Shan, Hong and Lei, Chun-liang and Hui, David SC and others},
	journal={New England Journal of Medicine},
	year={2020},
	publisher={Mass Medical Soc}
}

@article{chan2003sars,
	title={{SARS}: epidemiology},
	author={Chan-Yeung, Moira and Xu, Rui-Heng},
	journal={Respirology},
	volume={8},
	pages={S9--S14},
	year={2003},
	publisher={Wiley Online Library}
}

@article{meltzer2004multiple,
	title={Multiple contact dates and {SARS} incubation periods},
	author={Meltzer, Martin I},
	journal={Emerging infectious diseases},
	volume={10},
	number={2},
	pages={207},
	year={2004},
	publisher={Centers for Disease Control and Prevention}
}

@misc{ferretti2020quantifying,
    title = {Quantifying dynamics of {SARS-CoV-2} transmission suggests that epidemic control and avoidance is feasible through instantaneous digital contact tracing},
	author = {Ferretti, Luca and Wymant, Chris and Kendall, Michelle and Zhao, Lele and Nurtay, Anel and Bonsall, David G and Fraser, Christophe},
	journal = {Git{H}ub repository},
	year = {2020},
	howpublished = "\url{https://github.com/BDI-pathogens/covid-19_instant_tracing}"
}

@article{bai2020presumed,
  title={Presumed asymptomatic carrier transmission of {COVID-19}},
  author={Bai, Yan and Yao, Lingsheng and Wei, Tao and Tian, Fei and Jin, Dong-Yan and Chen, Lijuan and Wang, Meiyun},
  journal={Jama},
  year={2020}
}

@article{young2020epidemiologic,
  title={Epidemiologic features and clinical course of patients infected with {SARS-CoV-2} in {Singapore}},
  author={Young, Barnaby Edward and Ong, Sean Wei Xiang and Kalimuddin, Shirin and Low, Jenny G and Tan, Seow Yen and Loh, Jiashen and Ng, Oon-Tek and Marimuthu, Kalisvar and Ang, Li Wei and Mak, Tze Minn and others},
  journal={JAMA},
  year={2020}
}

@article{rothe2020transmission,
  title={Transmission of {2019-nCoV} infection from an asymptomatic contact in {Germany}},
  author={Rothe, Camilla and Schunk, Mirjam and Sothmann, Peter and Bretzel, Gisela and Froeschl, Guenter and Wallrauch, Claudia and Zimmer, Thorbj{\"o}rn and Thiel, Verena and Janke, Christian and Guggemos, Wolfgang and others},
  journal={New England Journal of Medicine},
  year={2020},
  publisher={Mass Medical Soc}
}

@misc{chinavital,
  title={Vital surveillances: The epidemiological characteristics of an outbreak of 2019 novel {Coronavirus Diseases (COVID-19)â€”China}},
  author={China{-}CDC},
  year={2020}
}

@article{anderson2004epidemiology,
  title={Epidemiology, transmission dynamics and control of {SARS}: the 2002--2003 epidemic},
  author={Anderson, Roy M and Fraser, Christophe and Ghani, Azra C and Donnelly, Christl A and Riley, Steven and Ferguson, Neil M and Leung, Gabriel M and Lam, Tai H and Hedley, Anthony J},
  journal={Philosophical Transactions of the Royal Society of London. Series B: Biological Sciences},
  volume={359},
  number={1447},
  pages={1091--1105},
  year={2004},
  publisher={The Royal Society}
}

@article{watts1998collective,
  title={Collective dynamics of `small-world' networks},
  author={Watts, Duncan J and Strogatz, Steven H},
  journal={Nature},
  volume={393},
  number={6684},
  pages={440},
  year={1998},
  publisher={Nature Publishing Group}
}

@article{mizumoto2020estimating,
  title={Estimating the asymptomatic proportion of coronavirus disease 2019 {(COVID-19)} cases on board the Diamond Princess cruise ship, Yokohama, Japan, 2020},
  author={Mizumoto, Kenji and Kagaya, Katsushi and Zarebski, Alexander and Chowell, Gerardo},
  journal={Eurosurveillance},
  volume={25},
  number={10},
  pages={2000180},
  year={2020},
  publisher={European Centre for Disease Prevention and Control}
}

@article{yang2020clinical,
  title={Clinical course and outcomes of critically ill patients with {SARS-CoV-2} pneumonia in {Wuhan, China}: a single-centered, retrospective, observational study},
  author={Yang, Xiaobo and Yu, Yuan and Xu, Jiqian and Shu, Huaqing and Liu, Hong and Wu, Yongran and Zhang, Lu and Yu, Zhui and Fang, Minghao and Yu, Ting and others},
  journal={The Lancet Respiratory Medicine},
  year={2020},
  publisher={Elsevier}
}

@article{chen2020epidemiological,
  title={Epidemiological and clinical characteristics of 99 cases of 2019 novel coronavirus pneumonia in {Wuhan, China}: a descriptive study},
  author={Chen, Nanshan and Zhou, Min and Dong, Xuan and Qu, Jieming and Gong, Fengyun and Han, Yang and Qiu, Yang and Wang, Jingli and Liu, Ying and Wei, Yuan and others},
  journal={The Lancet},
  volume={395},
  number={10223},
  pages={507--513},
  year={2020},
  publisher={Elsevier}
}

@article{ganyani2020estimating,
  title={Estimating the generation interval for {COVID-19} based on symptom onset data},
  author={Ganyani, Tapiwa and Kremer, Cecile and Chen, Dongxuan and Torneri, Andrea and Faes, Christel and Wallinga, Jacco and Hens, Niel},
  journal={medRxiv},
  year={2020},
  publisher={Cold Spring Harbor Laboratory Press}
}

@article{fergusonimpact,
  title={Impact of non-pharmaceutical interventions {(NPIs)} to reduce {COVID-19} mortality and healthcare demand},
  author={Ferguson, Neil M and Laydon, Daniel and Nedjati-Gilani, Gemma and Imai, Natsuko and Ainslie, Kylie and Baguelin, Marc and Bhatia, Sangeeta and Boonyasiri, Adhiratha and Cucunub{\'a}, Zulma and Cuomo-Dannenburg, Gina and others},
  journal={Report 9},
  year={2020}
}

@article{dong2020epidemiological,
  title={Epidemiological Characteristics of 2143 Pediatric Patients With 2019 Coronavirus Disease in {China}},
  author={Dong, Yuanyuan and Mo, Xi and Hu, Yabin and Qi, Xin and Jiang, Fang and Jiang, Zhongyi and Tong, Shilu},
  journal={Pediatrics},
  year={2020},
  publisher={Am Acad Pediatrics}
}

@article{lu2020sars,
  title={{SARS-CoV-2} Infection in Children},
  author={Lu, Xiaoxia and Zhang, Liqiong and Du, Hui and Zhang, Jingjing and Li, Yuan Y and Qu, Jingyu and Zhang, Wenxin and Wang, Youjie and Bao, Shuangshuang and Li, Ying and others},
  journal={New England Journal of Medicine},
  year={2020},
  publisher={Mass Medical Soc}
}

@article{essex2019,
    title={Understanding Society: Waves 1-9, 2009-2018 and Harmonised BHPS: Waves 1-18, 1991-2009. [data collection]. 12th Edition.},
    author = {Institute~for~Social~and~Economic~Research},
    journal={University~of~Essex},
    year={2019},
    published={UK Data Service},
    howpublished = "\url{http://doi.org/10.5255/UKDA-SN-6614-13}"
}
